@manual{choco,
  author        = {Charles Prud'homme and Jean-Guillaume Fages and Xavier Lorca},
  title         = {Choco Documentation},
  year          = {2017},
  organization  = {TASC - LS2N CNRS UMR 6241, COSLING S.A.S.},
  timestamp     = {Thu, 23 November 2017},
  url           = {http://www.choco-solver.org },
}
@inproceedings{DBLP:conf/ijcai/RaedtKT07,
  author    = {Luc {De Raedt} and
               Angelika Kimmig and
               Hannu Toivonen},
  title     = {{ProbLog}: {A} Probabilistic {Prolog} and Its Application in Link Discovery},
  booktitle = {{IJCAI} 2007, Proceedings of the 20th International Joint Conference
               on Artificial Intelligence, Hyderabad, India, January 6-12, 2007},
  pages     = {2462--2467},
  year      = {2007},
  crossref  = {DBLP:conf/ijcai/2007},
  timestamp = {Tue, 20 Aug 2019 16:18:51 +0200},
  biburl    = {https://dblp.org/rec/bib/conf/ijcai/RaedtKT07},
  bibsource = {dblp computer science bibliography, https://dblp.org}
}
@proceedings{DBLP:conf/ijcai/2007,
  editor    = {Manuela M. Veloso},
  title     = {{IJCAI} 2007, Proceedings of the 20th International Joint Conference
               on Artificial Intelligence, Hyderabad, India, January 6-12, 2007},
  year      = {2007},
  timestamp = {Tue, 20 Aug 2019 16:17:11 +0200},
  biburl    = {https://dblp.org/rec/bib/conf/ijcai/2007},
  bibsource = {dblp computer science bibliography, https://dblp.org}
}
@book{DBLP:books/daglib/0041598,
  author    = {Ivan Bratko},
  title     = {Prolog Programming for Artificial Intelligence, 4th Edition},
  publisher = {Addison-Wesley},
  year      = {2012},
  isbn      = {978-0-3214-1746-6},
  timestamp = {Tue, 26 Sep 2017 14:33:47 +0200},
  biburl    = {https://dblp.org/rec/bib/books/daglib/0041598},
  bibsource = {dblp computer science bibliography, https://dblp.org}
}
@article{DBLP:journals/tplp/WielemakerSTL12,
  author    = {Jan Wielemaker and
               Tom Schrijvers and
               Markus Triska and
               Torbj{\"{o}}rn Lager},
  title     = {{SWI-Prolog}},
  journal   = {{TPLP}},
  volume    = {12},
  number    = {1-2},
  pages     = {67--96},
  year      = {2012},
  doi       = {10.1017/S1471068411000494},
  timestamp = {Fri, 30 Nov 2018 13:20:03 +0100},
  biburl    = {https://dblp.org/rec/bib/journals/tplp/WielemakerSTL12},
  bibsource = {dblp computer science bibliography, https://dblp.org}
}
@inproceedings{DBLP:conf/cp/FagesL11,
  author    = {Jean{-}Guillaume Fages and
               Xavier Lorca},
  title     = {Revisiting the tree Constraint},
  booktitle = {Principles and Practice of Constraint Programming - {CP} 2011 - 17th
               International Conference, {CP} 2011, Perugia, Italy, September 12-16,
               2011. Proceedings},
  pages     = {271--285},
  year      = {2011},
  crossref  = {DBLP:conf/cp/2011},
  doi       = {10.1007/978-3-642-23786-7\_22},
  timestamp = {Sat, 19 Oct 2019 20:32:31 +0200},
  biburl    = {https://dblp.org/rec/bib/conf/cp/FagesL11},
  bibsource = {dblp computer science bibliography, https://dblp.org}
}
@proceedings{DBLP:conf/cp/2011,
  editor    = {Jimmy Ho{-}Man Lee},
  title     = {Principles and Practice of Constraint Programming - {CP} 2011 - 17th
               International Conference, {CP} 2011, Perugia, Italy, September 12-16,
               2011. Proceedings},
  series    = {Lecture Notes in Computer Science},
  volume    = {6876},
  publisher = {Springer},
  year      = {2011},
  doi       = {10.1007/978-3-642-23786-7},
  isbn      = {978-3-642-23785-0},
  timestamp = {Tue, 14 May 2019 10:00:45 +0200},
  biburl    = {https://dblp.org/rec/bib/conf/cp/2011},
  bibsource = {dblp computer science bibliography, https://dblp.org}
}
@inproceedings{kimmig2009trading,
  title={Trading memory for answers: Towards tabling {ProbLog}},
  author={Kimmig, Angelika and Gutmann, Bernd and Santos Costa, V{\'{\i}}tor},
  booktitle={International Workshop on Statistical Relational Learning, Date: 2009/07/02-2009/07/04, Location: Leuven, Belgium},
  year={2009}
}
@article{DBLP:journals/ijar/BuchmanP17,
  author    = {David Buchman and
               David Poole},
  title     = {Negative probabilities in probabilistic logic programs},
  journal   = {Int. J. Approx. Reasoning},
  volume    = {83},
  pages     = {43--59},
  year      = {2017},
  doi       = {10.1016/j.ijar.2016.10.001},
  timestamp = {Thu, 28 Dec 2017 16:10:54 +0100},
  biburl    = {https://dblp.org/rec/bib/journals/ijar/BuchmanP17},
  bibsource = {dblp computer science bibliography, https://dblp.org}
}
@inproceedings{shimbel1954structure,
  title={Structure in communication nets},
  author={Shimbel, Alfonso},
  booktitle={Proceedings of the symposium on information networks},
  pages={119--203},
  year={1954},
  organization={Polytechnic Institute of Brooklyn}
}
@article{DBLP:journals/tplp/KimmigDRCR11,
  author    = {Angelika Kimmig and
               Bart Demoen and
               Luc {De Raedt} and
               V{\'{\i}}tor {Santos Costa} and
               Ricardo Rocha},
  title     = {On the implementation of the probabilistic logic programming language
               {ProbLog}},
  journal   = {{TPLP}},
  volume    = {11},
  number    = {2-3},
  pages     = {235--262},
  year      = {2011},
  doi       = {10.1017/S1471068410000566},
  timestamp = {Fri, 09 Jun 2017 11:02:36 +0200},
  biburl    = {https://dblp.org/rec/bib/journals/tplp/KimmigDRCR11},
  bibsource = {dblp computer science bibliography, https://dblp.org}
}
@article{DBLP:journals/corr/abs-1112-3785,
  author    = {Theofrastos Mantadelis and
               Gerda Janssens},
  title     = {Nesting Probabilistic Inference},
  journal   = {CoRR},
  volume    = {abs/1112.3785},
  year      = {2011},
  archivePrefix = {arXiv},
  eprint    = {1112.3785},
  timestamp = {Mon, 13 Aug 2018 16:48:36 +0200},
  biburl    = {https://dblp.org/rec/bib/journals/corr/abs-1112-3785},
  bibsource = {dblp computer science bibliography, https://dblp.org}
}
@inproceedings{DBLP:conf/iclp/KimmigCRDR08,
  author    = {Angelika Kimmig and
               V{\'{\i}}tor {Santos Costa} and
               Ricardo Rocha and
               Bart Demoen and
               Luc {De Raedt}},
  title     = {On the Efficient Execution of {ProbLog} Programs},
  booktitle = {Logic Programming, 24th International Conference, {ICLP} 2008, Udine,
               Italy, December 9-13 2008, Proceedings},
  pages     = {175--189},
  year      = {2008},
  crossref  = {DBLP:conf/iclp/2008},
  doi       = {10.1007/978-3-540-89982-2\_22},
  timestamp = {Tue, 14 May 2019 10:00:48 +0200},
  biburl    = {https://dblp.org/rec/bib/conf/iclp/KimmigCRDR08},
  bibsource = {dblp computer science bibliography, https://dblp.org}
}
@proceedings{DBLP:conf/iclp/2008,
  editor    = {Maria Garcia de la Banda and
               Enrico Pontelli},
  title     = {Logic Programming, 24th International Conference, {ICLP} 2008, Udine,
               Italy, December 9-13 2008, Proceedings},
  series    = {Lecture Notes in Computer Science},
  volume    = {5366},
  publisher = {Springer},
  year      = {2008},
  doi       = {10.1007/978-3-540-89982-2},
  isbn      = {978-3-540-89981-5},
  timestamp = {Tue, 14 May 2019 10:00:48 +0200},
  biburl    = {https://dblp.org/rec/bib/conf/iclp/2008},
  bibsource = {dblp computer science bibliography, https://dblp.org}
}
@article{DBLP:journals/corr/abs-1009-3798,
  author    = {Dimitar Sht. Shterionov and
               Angelika Kimmig and
               Theofrastos Mantadelis and
               Gerda Janssens},
  title     = {{DNF} Sampling for {ProbLog} Inference},
  journal   = {CoRR},
  volume    = {abs/1009.3798},
  year      = {2010},
  archivePrefix = {arXiv},
  eprint    = {1009.3798},
  timestamp = {Mon, 13 Aug 2018 16:48:04 +0200},
  biburl    = {https://dblp.org/rec/bib/journals/corr/abs-1009-3798},
  bibsource = {dblp computer science bibliography, https://dblp.org}
}
@inproceedings{DBLP:conf/ecai/BruynoogheMKGVJR10,
  author    = {Maurice Bruynooghe and
               Theofrastos Mantadelis and
               Angelika Kimmig and
               Bernd Gutmann and
               Joost Vennekens and
               Gerda Janssens and
               Luc {De Raedt}},
  title     = {{ProbLog} Technology for Inference in a Probabilistic First Order Logic},
  booktitle = {{ECAI} 2010 - 19th European Conference on Artificial Intelligence,
               Lisbon, Portugal, August 16-20, 2010, Proceedings},
  pages     = {719--724},
  year      = {2010},
  crossref  = {DBLP:conf/ecai/2010},
  doi       = {10.3233/978-1-60750-606-5-719},
  timestamp = {Fri, 26 Apr 2019 14:26:43 +0200},
  biburl    = {https://dblp.org/rec/bib/conf/ecai/BruynoogheMKGVJR10},
  bibsource = {dblp computer science bibliography, https://dblp.org}
}
@proceedings{DBLP:conf/ecai/2010,
  editor    = {Helder Coelho and
               Rudi Studer and
               Michael J. Wooldridge},
  title     = {{ECAI} 2010 - 19th European Conference on Artificial Intelligence,
               Lisbon, Portugal, August 16-20, 2010, Proceedings},
  series    = {Frontiers in Artificial Intelligence and Applications},
  volume    = {215},
  publisher = {{IOS} Press},
  year      = {2010},
  isbn      = {978-1-60750-605-8},
  timestamp = {Fri, 26 Apr 2019 14:26:43 +0200},
  biburl    = {https://dblp.org/rec/bib/conf/ecai/2010},
  bibsource = {dblp computer science bibliography, https://dblp.org}
}
@inproceedings{DBLP:conf/ijcai/VlasselaerBKMR15,
  author    = {Jonas Vlasselaer and
               Guy {Van den Broeck} and
               Angelika Kimmig and
               Wannes Meert and
               Luc {De Raedt}},
  title     = {Anytime Inference in Probabilistic Logic Programs with {Tp}-Compilation},
  booktitle = {Proceedings of the Twenty-Fourth International Joint Conference on
               Artificial Intelligence, {IJCAI} 2015, Buenos Aires, Argentina, July
               25-31, 2015},
  pages     = {1852--1858},
  year      = {2015},
  crossref  = {DBLP:conf/ijcai/2015},
  timestamp = {Tue, 20 Aug 2019 16:16:43 +0200},
  biburl    = {https://dblp.org/rec/bib/conf/ijcai/VlasselaerBKMR15},
  bibsource = {dblp computer science bibliography, https://dblp.org}
}
@proceedings{DBLP:conf/ijcai/2015,
  editor    = {Qiang Yang and
               Michael J. Wooldridge},
  title     = {Proceedings of the Twenty-Fourth International Joint Conference on
               Artificial Intelligence, {IJCAI} 2015, Buenos Aires, Argentina, July
               25-31, 2015},
  publisher = {{AAAI} Press},
  year      = {2015},
  isbn      = {978-1-57735-738-4},
  timestamp = {Tue, 20 Aug 2019 16:16:43 +0200},
  biburl    = {https://dblp.org/rec/bib/conf/ijcai/2015},
  bibsource = {dblp computer science bibliography, https://dblp.org}
}
@inproceedings{DBLP:conf/lpnmr/NamasivayamT09,
  author    = {Gayathri Namasivayam and
               Miroslaw Truszczynski},
  title     = {Simple Random Logic Programs},
  booktitle = {Logic Programming and Nonmonotonic Reasoning, 10th International Conference,
               {LPNMR} 2009, Potsdam, Germany, September 14-18, 2009. Proceedings},
  pages     = {223--235},
  year      = {2009},
  crossref  = {DBLP:conf/lpnmr/2009},
  doi       = {10.1007/978-3-642-04238-6\_20},
  timestamp = {Tue, 14 May 2019 10:00:48 +0200},
  biburl    = {https://dblp.org/rec/bib/conf/lpnmr/NamasivayamT09},
  bibsource = {dblp computer science bibliography, https://dblp.org}
}
@proceedings{DBLP:conf/lpnmr/2009,
  editor    = {Esra Erdem and
               Fangzhen Lin and
               Torsten Schaub},
  title     = {Logic Programming and Nonmonotonic Reasoning, 10th International Conference,
               {LPNMR} 2009, Potsdam, Germany, September 14-18, 2009. Proceedings},
  series    = {Lecture Notes in Computer Science},
  volume    = {5753},
  publisher = {Springer},
  year      = {2009},
  doi       = {10.1007/978-3-642-04238-6},
  isbn      = {978-3-642-04237-9},
  timestamp = {Tue, 14 May 2019 10:00:48 +0200},
  biburl    = {https://dblp.org/rec/bib/conf/lpnmr/2009},
  bibsource = {dblp computer science bibliography, https://dblp.org}
}
@article{DBLP:journals/tocl/WenWSL16,
  author    = {Lian Wen and
               Kewen Wang and
               Yi{-}Dong Shen and
               Fangzhen Lin},
  title     = {A Model for Phase Transition of Random Answer-Set Programs},
  journal   = {{ACM} Trans. Comput. Log.},
  volume    = {17},
  number    = {3},
  pages     = {22:1--22:34},
  year      = {2016},
  doi       = {10.1145/2926791},
  timestamp = {Sat, 19 Oct 2019 19:53:52 +0200},
  biburl    = {https://dblp.org/rec/bib/journals/tocl/WenWSL16},
  bibsource = {dblp computer science bibliography, https://dblp.org}
}
@article{DBLP:journals/tplp/WangWM15,
  author    = {Kewen Wang and
               Lian Wen and
               Kedian Mu},
  title     = {Random logic programs: Linear model},
  journal   = {{TPLP}},
  volume    = {15},
  number    = {6},
  pages     = {818--853},
  year      = {2015},
  doi       = {10.1017/S1471068414000611},
  timestamp = {Sat, 19 Oct 2019 19:05:55 +0200},
  biburl    = {https://dblp.org/rec/bib/journals/tplp/WangWM15},
  bibsource = {dblp computer science bibliography, https://dblp.org}
}
@inproceedings{DBLP:conf/iclp/ZhaoL03,
  author    = {Yuting Zhao and
               Fangzhen Lin},
  title     = {Answer Set Programming Phase Transition: {A} Study on Randomly Generated
               Programs},
  booktitle = {Logic Programming, 19th International Conference, {ICLP} 2003, Mumbai,
               India, December 9-13, 2003, Proceedings},
  pages     = {239--253},
  year      = {2003},
  crossref  = {DBLP:conf/iclp/2003},
  doi       = {10.1007/978-3-540-24599-5\_17},
  timestamp = {Tue, 14 May 2019 10:00:48 +0200},
  biburl    = {https://dblp.org/rec/bib/conf/iclp/ZhaoL03},
  bibsource = {dblp computer science bibliography, https://dblp.org}
}
@proceedings{DBLP:conf/iclp/2003,
  editor    = {Catuscia Palamidessi},
  title     = {Logic Programming, 19th International Conference, {ICLP} 2003, Mumbai,
               India, December 9-13, 2003, Proceedings},
  series    = {Lecture Notes in Computer Science},
  volume    = {2916},
  publisher = {Springer},
  year      = {2003},
  doi       = {10.1007/b94619},
  isbn      = {3-540-20642-6},
  timestamp = {Tue, 14 May 2019 10:00:48 +0200},
  biburl    = {https://dblp.org/rec/bib/conf/iclp/2003},
  bibsource = {dblp computer science bibliography, https://dblp.org}
}
@phdthesis{zhao2004answer,
  title={Answer set programming: sat based solver and phase transition},
  author={Zhao, Yuting},
  year={2004},
  school={Hong Kong University of Science and Technology (Hong Kong)}
}
@inproceedings{DBLP:conf/soict/Dries15,
  author    = {Anton Dries},
  title     = {Declarative Data Generation with {ProbLog}},
  booktitle = {Proceedings of the Sixth International Symposium on Information and
               Communication Technology, Hue City, Vietnam, December 3-4, 2015},
  pages     = {17--24},
  year      = {2015},
  crossref  = {DBLP:conf/soict/2015},
  doi       = {10.1145/2833258.2833267},
  timestamp = {Sun, 02 Jun 2019 21:24:19 +0200},
  biburl    = {https://dblp.org/rec/bib/conf/soict/Dries15},
  bibsource = {dblp computer science bibliography, https://dblp.org}
}
@proceedings{DBLP:conf/soict/2015,
  editor    = {Huynh Quyet Thang and
               Le Anh Phuong and
               Luc {De Raedt} and
               Yves Deville and
               Marc Bui and
               Truong Thi Dieu Linh and
               Nguyen Thi{-}Oanh and
               Dinh Viet Sang and
               Nguyen Ba Ngoc},
  title     = {Proceedings of the Sixth International Symposium on Information and
               Communication Technology, Hue City, Vietnam, December 3-4, 2015},
  publisher = {{ACM}},
  year      = {2015},
  isbn      = {978-1-4503-3843-1},
  timestamp = {Fri, 09 Nov 2018 06:48:21 +0100},
  biburl    = {https://dblp.org/rec/bib/conf/soict/2015},
  bibsource = {dblp computer science bibliography, https://dblp.org}
}
@article{DBLP:journals/ml/RaedtK15,
  author    = {Luc {De Raedt} and
               Angelika Kimmig},
  title     = {Probabilistic (logic) programming concepts},
  journal   = {Machine Learning},
  volume    = {100},
  number    = {1},
  pages     = {5--47},
  year      = {2015},
  doi       = {10.1007/s10994-015-5494-z},
  timestamp = {Tue, 26 Jun 2018 14:09:25 +0200},
  biburl    = {https://dblp.org/rec/bib/journals/ml/RaedtK15},
  bibsource = {dblp computer science bibliography, https://dblp.org}
}
@book{DBLP:series/synthesis/2016Raedt,
  author    = {Luc {De Raedt} and
               Kristian Kersting and
               Sriraam Natarajan and
               David Poole},
  title     = {Statistical Relational Artificial Intelligence: Logic, Probability,
               and Computation},
  series    = {Synthesis Lectures on Artificial Intelligence and Machine Learning},
  publisher = {Morgan {\&} Claypool Publishers},
  year      = {2016},
  doi       = {10.2200/S00692ED1V01Y201601AIM032},
  timestamp = {Mon, 06 Nov 2017 17:26:29 +0100},
  biburl    = {https://dblp.org/rec/bib/series/synthesis/2016Raedt},
  bibsource = {dblp computer science bibliography, https://dblp.org}
}
@article{DBLP:journals/cacm/Russell15,
  author    = {Stuart J. Russell},
  title     = {Unifying logic and probability},
  journal   = {Commun. {ACM}},
  volume    = {58},
  number    = {7},
  pages     = {88--97},
  year      = {2015},
  doi       = {10.1145/2699411},
  timestamp = {Tue, 06 Nov 2018 12:51:40 +0100},
  biburl    = {https://dblp.org/rec/journals/cacm/Russell15.bib},
  bibsource = {dblp computer science bibliography, https://dblp.org}
}
@inproceedings{DBLP:conf/ijcai/SatoK97,
  author    = {Taisuke Sato and
               Yoshitaka Kameya},
  title     = {{PRISM:} {A} Language for Symbolic-Statistical Modeling},
  booktitle = {Proceedings of the Fifteenth International Joint Conference on Artificial
               Intelligence, {IJCAI} 97, Nagoya, Japan, August 23-29, 1997, 2 Volumes},
  pages     = {1330--1339},
  year      = {1997},
  crossref  = {DBLP:conf/ijcai/1997},
  timestamp = {Tue, 20 Aug 2019 16:17:27 +0200},
  biburl    = {https://dblp.org/rec/conf/ijcai/SatoK97.bib},
  bibsource = {dblp computer science bibliography, https://dblp.org}
}
@proceedings{DBLP:conf/ijcai/1997,
  title     = {Proceedings of the Fifteenth International Joint Conference on Artificial
               Intelligence, {IJCAI} 97, Nagoya, Japan, August 23-29, 1997, 2 Volumes},
  publisher = {Morgan Kaufmann},
  year      = {1997},
  timestamp = {Tue, 20 Aug 2019 16:17:27 +0200},
  biburl    = {https://dblp.org/rec/conf/ijcai/1997.bib},
  bibsource = {dblp computer science bibliography, https://dblp.org}
}
@article{DBLP:journals/ai/Poole97,
  author    = {David Poole},
  title     = {The Independent Choice Logic for Modelling Multiple Agents Under Uncertainty},
  journal   = {Artif. Intell.},
  volume    = {94},
  number    = {1-2},
  pages     = {7--56},
  year      = {1997},
  doi       = {10.1016/S0004-3702(97)00027-1},
  timestamp = {Wed, 14 Nov 2018 10:49:59 +0100},
  biburl    = {https://dblp.org/rec/journals/ai/Poole97.bib},
  bibsource = {dblp computer science bibliography, https://dblp.org}
}
@article{DBLP:journals/ai/SelmanML96,
  author    = {Bart Selman and
               David G. Mitchell and
               Hector J. Levesque},
  title     = {Generating Hard Satisfiability Problems},
  journal   = {Artif. Intell.},
  volume    = {81},
  number    = {1-2},
  pages     = {17--29},
  year      = {1996},
  doi       = {10.1016/0004-3702(95)00045-3},
  timestamp = {Wed, 14 Nov 2018 10:50:01 +0100},
  biburl    = {https://dblp.org/rec/journals/ai/SelmanML96.bib},
  bibsource = {dblp computer science bibliography, https://dblp.org}
}
@inproceedings{DBLP:conf/cpaior/MairyDL15,
  author    = {Jean{-}Baptiste Mairy and
               Yves Deville and
               Christophe Lecoutre},
  title     = {The Smart Table Constraint},
  booktitle = {Integration of {AI} and {OR} Techniques in Constraint Programming
               - 12th International Conference, {CPAIOR} 2015, Barcelona, Spain,
               May 18-22, 2015, Proceedings},
  pages     = {271--287},
  year      = {2015},
  crossref  = {DBLP:conf/cpaior/2015},
  doi       = {10.1007/978-3-319-18008-3\_19},
  timestamp = {Tue, 14 May 2019 10:00:47 +0200},
  biburl    = {https://dblp.org/rec/conf/cpaior/MairyDL15.bib},
  bibsource = {dblp computer science bibliography, https://dblp.org}
}
@proceedings{DBLP:conf/cpaior/2015,
  editor    = {Laurent Michel},
  title     = {Integration of {AI} and {OR} Techniques in Constraint Programming
               - 12th International Conference, {CPAIOR} 2015, Barcelona, Spain,
               May 18-22, 2015, Proceedings},
  series    = {Lecture Notes in Computer Science},
  volume    = {9075},
  publisher = {Springer},
  year      = {2015},
  doi       = {10.1007/978-3-319-18008-3},
  isbn      = {978-3-319-18007-6},
  timestamp = {Tue, 14 May 2019 10:00:47 +0200},
  biburl    = {https://dblp.org/rec/conf/cpaior/2015.bib},
  bibsource = {dblp computer science bibliography, https://dblp.org}
}
@inproceedings{DBLP:conf/padl/MantadelisR17,
  author    = {Theofrastos Mantadelis and
               Ricardo Rocha},
  title     = {Using Iterative Deepening for Probabilistic Logic Inference},
  booktitle = {Practical Aspects of Declarative Languages - 19th International Symposium,
               {PADL} 2017, Paris, France, January 16-17, 2017, Proceedings},
  pages     = {198--213},
  year      = {2017},
  crossref  = {DBLP:conf/padl/2017},
  doi       = {10.1007/978-3-319-51676-9\_14},
  timestamp = {Tue, 14 May 2019 10:00:42 +0200},
  biburl    = {https://dblp.org/rec/conf/padl/MantadelisR17.bib},
  bibsource = {dblp computer science bibliography, https://dblp.org}
}
@proceedings{DBLP:conf/padl/2017,
  editor    = {Yuliya Lierler and
               Walid Taha},
  title     = {Practical Aspects of Declarative Languages - 19th International Symposium,
               {PADL} 2017, Paris, France, January 16-17, 2017, Proceedings},
  series    = {Lecture Notes in Computer Science},
  volume    = {10137},
  publisher = {Springer},
  year      = {2017},
  doi       = {10.1007/978-3-319-51676-9},
  isbn      = {978-3-319-51675-2},
  timestamp = {Tue, 14 May 2019 10:00:42 +0200},
  biburl    = {https://dblp.org/rec/conf/padl/2017.bib},
  bibsource = {dblp computer science bibliography, https://dblp.org}
}
@article{DBLP:journals/jlp/BalbinPRM91,
  author    = {Isaac Balbin and
               Graeme S. Port and
               Kotagiri Ramamohanarao and
               Krishnamurthy Meenakshi},
  title     = {Efficient Bottom-UP Computation of Queries on Stratified Databases},
  journal   = {J. Log. Program.},
  volume    = {11},
  number    = {3{\&}4},
  pages     = {295--344},
  year      = {1991},
  doi       = {10.1016/0743-1066(91)90030-S},
  timestamp = {Sun, 28 May 2017 13:17:34 +0200},
  biburl    = {https://dblp.org/rec/journals/jlp/BalbinPRM91.bib},
  bibsource = {dblp computer science bibliography, https://dblp.org}
}
@inproceedings{DBLP:conf/cp/Walsh06,
  author    = {Toby Walsh},
  title     = {General Symmetry Breaking Constraints},
  booktitle = {Principles and Practice of Constraint Programming - {CP} 2006, 12th
               International Conference, {CP} 2006, Nantes, France, September 25-29,
               2006, Proceedings},
  pages     = {650--664},
  year      = {2006},
  crossref  = {DBLP:conf/cp/2006},
  doi       = {10.1007/11889205\_46},
  timestamp = {Tue, 14 May 2019 10:00:45 +0200},
  biburl    = {https://dblp.org/rec/conf/cp/Walsh06.bib},
  bibsource = {dblp computer science bibliography, https://dblp.org}
}
@proceedings{DBLP:conf/cp/2006,
  editor    = {Fr{\'{e}}d{\'{e}}ric Benhamou},
  title     = {Principles and Practice of Constraint Programming - {CP} 2006, 12th
               International Conference, {CP} 2006, Nantes, France, September 25-29,
               2006, Proceedings},
  series    = {Lecture Notes in Computer Science},
  volume    = {4204},
  publisher = {Springer},
  year      = {2006},
  doi       = {10.1007/11889205},
  isbn      = {3-540-46267-8},
  timestamp = {Tue, 14 May 2019 10:00:45 +0200},
  biburl    = {https://dblp.org/rec/conf/cp/2006.bib},
  bibsource = {dblp computer science bibliography, https://dblp.org}
}
@article{DBLP:journals/tc/Bryant86,
  author    = {Randal E. Bryant},
  title     = {Graph-Based Algorithms for {Boolean} Function Manipulation},
  journal   = {{IEEE} Trans. Computers},
  volume    = {35},
  number    = {8},
  pages     = {677--691},
  year      = {1986},
  doi       = {10.1109/TC.1986.1676819},
  timestamp = {Wed, 14 Nov 2018 10:48:32 +0100},
  biburl    = {https://dblp.org/rec/journals/tc/Bryant86.bib},
  bibsource = {dblp computer science bibliography, https://dblp.org}
}
@article{DBLP:journals/jair/DarwicheM02,
  author    = {Adnan Darwiche and
               Pierre Marquis},
  title     = {A Knowledge Compilation Map},
  journal   = {J. Artif. Intell. Res.},
  volume    = {17},
  pages     = {229--264},
  year      = {2002},
  doi       = {10.1613/jair.989},
  timestamp = {Mon, 21 Jan 2019 15:01:18 +0100},
  biburl    = {https://dblp.org/rec/journals/jair/DarwicheM02.bib},
  bibsource = {dblp computer science bibliography, https://dblp.org}
}
@inproceedings{DBLP:conf/pkdd/GutmannKKR08,
  author    = {Bernd Gutmann and
               Angelika Kimmig and
               Kristian Kersting and
               Luc {De Raedt}},
  title     = {Parameter Learning in Probabilistic Databases: {A} Least Squares Approach},
  booktitle = {Machine Learning and Knowledge Discovery in Databases, European Conference,
               {ECML/PKDD} 2008, Antwerp, Belgium, September 15-19, 2008, Proceedings,
               Part {I}},
  pages     = {473--488},
  year      = {2008},
  crossref  = {DBLP:conf/pkdd/2008-1},
  doi       = {10.1007/978-3-540-87479-9\_49},
  timestamp = {Tue, 14 May 2019 10:00:47 +0200},
  biburl    = {https://dblp.org/rec/conf/pkdd/GutmannKKR08.bib},
  bibsource = {dblp computer science bibliography, https://dblp.org}
}
@proceedings{DBLP:conf/pkdd/2008-1,
  editor    = {Walter Daelemans and
               Bart Goethals and
               Katharina Morik},
  title     = {Machine Learning and Knowledge Discovery in Databases, European Conference,
               {ECML/PKDD} 2008, Antwerp, Belgium, September 15-19, 2008, Proceedings,
               Part {I}},
  series    = {Lecture Notes in Computer Science},
  volume    = {5211},
  publisher = {Springer},
  year      = {2008},
  doi       = {10.1007/978-3-540-87479-9},
  isbn      = {978-3-540-87478-2},
  timestamp = {Tue, 14 May 2019 10:00:47 +0200},
  biburl    = {https://dblp.org/rec/conf/pkdd/2008-1.bib},
  bibsource = {dblp computer science bibliography, https://dblp.org}
}
@inproceedings{DBLP:conf/ijcai/Darwiche11,
  author    = {Adnan Darwiche},
  title     = {{SDD:} {A} New Canonical Representation of Propositional Knowledge
               Bases},
  booktitle = {{IJCAI} 2011, Proceedings of the 22nd International Joint Conference
               on Artificial Intelligence, Barcelona, Catalonia, Spain, July 16-22,
               2011},
  pages     = {819--826},
  year      = {2011},
  crossref  = {DBLP:conf/ijcai/2011},
  doi       = {10.5591/978-1-57735-516-8/IJCAI11-143},
  timestamp = {Tue, 20 Aug 2019 16:16:04 +0200},
  biburl    = {https://dblp.org/rec/conf/ijcai/Darwiche11.bib},
  bibsource = {dblp computer science bibliography, https://dblp.org}
}
@proceedings{DBLP:conf/ijcai/2011,
  editor    = {Toby Walsh},
  title     = {{IJCAI} 2011, Proceedings of the 22nd International Joint Conference
               on Artificial Intelligence, Barcelona, Catalonia, Spain, July 16-22,
               2011},
  publisher = {{IJCAI/AAAI}},
  year      = {2011},
  url       = {http://ijcai.org/proceedings/2011},
  isbn      = {978-1-57735-516-8},
  timestamp = {Tue, 20 Aug 2019 16:16:04 +0200},
  biburl    = {https://dblp.org/rec/conf/ijcai/2011.bib},
  bibsource = {dblp computer science bibliography, https://dblp.org}
}
@inproceedings{DBLP:conf/ijcai/VlasselaerBKMR15,
  author    = {Jonas Vlasselaer and
               Guy {Van den Broeck} and
               Angelika Kimmig and
               Wannes Meert and
               Luc {De Raedt}},
  title     = {Anytime Inference in Probabilistic Logic Programs with Tp-Compilation},
  booktitle = {Proceedings of the Twenty-Fourth International Joint Conference on
               Artificial Intelligence, {IJCAI} 2015, Buenos Aires, Argentina, July
               25-31, 2015},
  pages     = {1852--1858},
  year      = {2015},
  crossref  = {DBLP:conf/ijcai/2015},
  url       = {http://ijcai.org/Abstract/15/263},
  timestamp = {Tue, 20 Aug 2019 16:16:43 +0200},
  biburl    = {https://dblp.org/rec/conf/ijcai/VlasselaerBKMR15.bib},
  bibsource = {dblp computer science bibliography, https://dblp.org}
}
@proceedings{DBLP:conf/ijcai/2015,
  editor    = {Qiang Yang and
               Michael J. Wooldridge},
  title     = {Proceedings of the Twenty-Fourth International Joint Conference on
               Artificial Intelligence, {IJCAI} 2015, Buenos Aires, Argentina, July
               25-31, 2015},
  publisher = {{AAAI} Press},
  year      = {2015},
  url       = {http://ijcai.org/proceedings/2015},
  isbn      = {978-1-57735-738-4},
  timestamp = {Tue, 20 Aug 2019 16:16:43 +0200},
  biburl    = {https://dblp.org/rec/conf/ijcai/2015.bib},
  bibsource = {dblp computer science bibliography, https://dblp.org}
}
@article{DBLP:journals/corr/abs-1911-07750,
  author    = {Efthymia Tsamoura and
               V{\'{\i}}ctor Guti{\'{e}}rrez{-}Basulto and
               Angelika Kimmig},
  title     = {Beyond the Grounding Bottleneck: Datalog Techniques for Inference
               in Probabilistic Logic Programs (Technical Report)},
  journal   = {CoRR},
  volume    = {abs/1911.07750},
  year      = {2019},
  url       = {http://arxiv.org/abs/1911.07750},
  archivePrefix = {arXiv},
  eprint    = {1911.07750},
  timestamp = {Wed, 26 Feb 2020 09:07:07 +0100},
  biburl    = {https://dblp.org/rec/journals/corr/abs-1911-07750.bib},
  bibsource = {dblp computer science bibliography, https://dblp.org}
}
@inproceedings{DBLP:conf/uai/FierensBTGR11,
  author    = {Daan Fierens and
               Guy {Van den Broeck} and
               Ingo Thon and
               Bernd Gutmann and
               Luc {De Raedt}},
  title     = {Inference in Probabilistic Logic Programs using Weighted {CNF}'s},
  booktitle = {{UAI} 2011, Proceedings of the Twenty-Seventh Conference on Uncertainty
               in Artificial Intelligence, Barcelona, Spain, July 14-17, 2011},
  pages     = {211--220},
  year      = {2011},
  crossref  = {DBLP:conf/uai/2011},
  timestamp = {Wed, 06 May 2015 15:02:56 +0200},
  biburl    = {https://dblp.org/rec/conf/uai/FierensBTGR11.bib},
  bibsource = {dblp computer science bibliography, https://dblp.org}
}
@proceedings{DBLP:conf/uai/2011,
  editor    = {F{\'{a}}bio Gagliardi Cozman and
               Avi Pfeffer},
  title     = {{UAI} 2011, Proceedings of the Twenty-Seventh Conference on Uncertainty
               in Artificial Intelligence, Barcelona, Spain, July 14-17, 2011},
  publisher = {{AUAI} Press},
  year      = {2011},
  url       = {https://dslpitt.org/uai/displayArticles.jsp?mmnu=1\&smnu=1\&proceeding\_id=27},
  isbn      = {978-0-9749039-7-2},
  timestamp = {Wed, 06 May 2015 15:02:56 +0200},
  biburl    = {https://dblp.org/rec/conf/uai/2011.bib},
  bibsource = {dblp computer science bibliography, https://dblp.org}
}
@article{DBLP:journals/tplp/WangWM15,
  author    = {Kewen Wang and
               Lian Wen and
               Kedian Mu},
  title     = {Random logic programs: Linear model},
  journal   = {Theory Pract. Log. Program.},
  volume    = {15},
  number    = {6},
  pages     = {818--853},
  year      = {2015},
  doi       = {10.1017/S1471068414000611},
  timestamp = {Thu, 13 Feb 2020 14:39:31 +0100},
  biburl    = {https://dblp.org/rec/journals/tplp/WangWM15.bib},
  bibsource = {dblp computer science bibliography, https://dblp.org}
}
@article{DBLP:journals/ai/AmendolaRT20,
  author    = {Giovanni Amendola and
               Francesco Ricca and
               Miroslaw Truszczynski},
  title     = {New models for generating hard random {Boolean} formulas and disjunctive
               logic programs},
  journal   = {Artif. Intell.},
  volume    = {279},
  year      = {2020},
  doi       = {10.1016/j.artint.2019.103185},
  timestamp = {Wed, 15 Jan 2020 08:29:06 +0100},
  biburl    = {https://dblp.org/rec/journals/ai/AmendolaRT20.bib},
  bibsource = {dblp computer science bibliography, https://dblp.org}
}
@inproceedings{DBLP:conf/ijcai/AmendolaRT17,
  author    = {Giovanni Amendola and
               Francesco Ricca and
               Miroslaw Truszczynski},
  title     = {Generating Hard Random {Boolean} Formulas and Disjunctive Logic Programs},
  booktitle = {Proceedings of the Twenty-Sixth International Joint Conference on
               Artificial Intelligence, {IJCAI} 2017, Melbourne, Australia, August
               19-25, 2017},
  pages     = {532--538},
  year      = {2017},
  crossref  = {DBLP:conf/ijcai/2017},
  doi       = {10.24963/ijcai.2017/75},
  timestamp = {Tue, 20 Aug 2019 16:16:54 +0200},
  biburl    = {https://dblp.org/rec/conf/ijcai/AmendolaRT17.bib},
  bibsource = {dblp computer science bibliography, https://dblp.org}
}
@proceedings{DBLP:conf/ijcai/2017,
  editor    = {Carles Sierra},
  title     = {Proceedings of the Twenty-Sixth International Joint Conference on
               Artificial Intelligence, {IJCAI} 2017, Melbourne, Australia, August
               19-25, 2017},
  publisher = {ijcai.org},
  year      = {2017},
  url       = {http://www.ijcai.org/Proceedings/2017/},
  isbn      = {978-0-9992411-0-3},
  timestamp = {Tue, 20 Aug 2019 16:16:54 +0200},
  biburl    = {https://dblp.org/rec/conf/ijcai/2017.bib},
  bibsource = {dblp computer science bibliography, https://dblp.org}
}
@inproceedings{DBLP:conf/aaai/DechterKBE02,
  author    = {Rina Dechter and
               Kalev Kask and
               Eyal Bin and
               Roy Emek},
  title     = {Generating Random Solutions for Constraint Satisfaction Problems},
  booktitle = {Proceedings of the Eighteenth National Conference on Artificial Intelligence
               and Fourteenth Conference on Innovative Applications of Artificial
               Intelligence, July 28 - August 1, 2002, Edmonton, Alberta, Canada},
  pages     = {15--21},
  year      = {2002},
  crossref  = {DBLP:conf/aaai/2002},
  url       = {http://www.aaai.org/Library/AAAI/2002/aaai02-003.php},
  timestamp = {Mon, 26 Feb 2018 07:08:45 +0100},
  biburl    = {https://dblp.org/rec/conf/aaai/DechterKBE02.bib},
  bibsource = {dblp computer science bibliography, https://dblp.org}
}
@proceedings{DBLP:conf/aaai/2002,
  editor    = {Rina Dechter and
               Michael J. Kearns and
               Richard S. Sutton},
  title     = {Proceedings of the Eighteenth National Conference on Artificial Intelligence
               and Fourteenth Conference on Innovative Applications of Artificial
               Intelligence, July 28 - August 1, 2002, Edmonton, Alberta, Canada},
  publisher = {{AAAI} Press / The {MIT} Press},
  year      = {2002},
  url       = {http://www.aaai.org/Conferences/AAAI/aaai02.php},
  timestamp = {Mon, 26 Feb 2018 07:08:45 +0100},
  biburl    = {https://dblp.org/rec/conf/aaai/2002.bib},
  bibsource = {dblp computer science bibliography, https://dblp.org}
}
@inproceedings{DBLP:conf/iclp/Namasivayam09,
  author    = {Gayathri Namasivayam},
  title     = {Study of Random Logic Programs},
  booktitle = {Logic Programming, 25th International Conference, {ICLP} 2009, Pasadena,
               CA, USA, July 14-17, 2009. Proceedings},
  pages     = {555--556},
  year      = {2009},
  crossref  = {DBLP:conf/iclp/2009},
  doi       = {10.1007/978-3-642-02846-5\_61},
  timestamp = {Tue, 14 May 2019 10:00:48 +0200},
  biburl    = {https://dblp.org/rec/conf/iclp/Namasivayam09.bib},
  bibsource = {dblp computer science bibliography, https://dblp.org}
}
@proceedings{DBLP:conf/iclp/2009,
  editor    = {Patricia M. Hill and
               David Scott Warren},
  title     = {Logic Programming, 25th International Conference, {ICLP} 2009, Pasadena,
               CA, USA, July 14-17, 2009. Proceedings},
  series    = {Lecture Notes in Computer Science},
  volume    = {5649},
  publisher = {Springer},
  year      = {2009},
  doi       = {10.1007/978-3-642-02846-5},
  isbn      = {978-3-642-02845-8},
  timestamp = {Tue, 14 May 2019 10:00:48 +0200},
  biburl    = {https://dblp.org/rec/conf/iclp/2009.bib},
  bibsource = {dblp computer science bibliography, https://dblp.org}
}
@article{DBLP:journals/tcs/Bidoit91,
  author    = {Nicole Bidoit},
  title     = {Negation in Rule-Based Database Languages: {A} Survey},
  journal   = {Theor. Comput. Sci.},
  volume    = {78},
  number    = {1},
  pages     = {3--83},
  year      = {1991},
  doi       = {10.1016/0304-3975(51)90003-5},
  timestamp = {Sun, 28 May 2017 13:20:06 +0200},
  biburl    = {https://dblp.org/rec/journals/tcs/Bidoit91.bib},
  bibsource = {dblp computer science bibliography, https://dblp.org}
}