@incollection{DBLP:conf/ilp/DomingosKLPRS08,
  author    = {Pedro M. Domingos and
               Stanley Kok and
               Daniel Lowd and
               Hoifung Poon and
               Matthew Richardson and
               Parag Singla},
  title     = {Markov Logic},
  booktitle = {Probabilistic Inductive Logic Programming - Theory and Applications},
  pages     = {92--117},
  year      = {2008},
  crossref  = {DBLP:conf/ilp/2008p},
  url       = {https://doi.org/10.1007/978-3-540-78652-8\_4},
  doi       = {10.1007/978-3-540-78652-8\_4},
  timestamp = {Tue, 14 May 2019 10:00:36 +0200},
  biburl    = {https://dblp.org/rec/conf/ilp/DomingosKLPRS08.bib},
  bibsource = {dblp computer science bibliography, https://dblp.org}
}
@book{DBLP:conf/ilp/2008p,
  editor    = {Luc De Raedt and
               Paolo Frasconi and
               Kristian Kersting and
               Stephen Muggleton},
  title     = {Probabilistic Inductive Logic Programming - Theory and Applications},
  series    = {Lecture Notes in Computer Science},
  volume    = {4911},
  publisher = {Springer},
  year      = {2008},
  url       = {https://doi.org/10.1007/978-3-540-78652-8},
  doi       = {10.1007/978-3-540-78652-8},
  isbn      = {978-3-540-78651-1},
  timestamp = {Tue, 14 May 2019 10:00:36 +0200},
  biburl    = {https://dblp.org/rec/conf/ilp/2008p.bib},
  bibsource = {dblp computer science bibliography, https://dblp.org}
}
@article{DBLP:journals/tplp/FierensBRSGTJR15,
  author    = {Daan Fierens and
               Guy Van den Broeck and
               Joris Renkens and
               Dimitar Sht. Shterionov and
               Bernd Gutmann and
               Ingo Thon and
               Gerda Janssens and
               Luc De Raedt},
  title     = {Inference and learning in probabilistic logic programs using weighted
               Boolean formulas},
  journal   = {Theory Pract. Log. Program.},
  volume    = {15},
  number    = {3},
  pages     = {358--401},
  year      = {2015},
  url       = {https://doi.org/10.1017/S1471068414000076},
  doi       = {10.1017/S1471068414000076},
  timestamp = {Thu, 13 Feb 2020 14:39:43 +0100},
  biburl    = {https://dblp.org/rec/journals/tplp/FierensBRSGTJR15.bib},
  bibsource = {dblp computer science bibliography, https://dblp.org}
}