@manual{choco,
  author        = {Charles Prud'homme and Jean-Guillaume Fages and Xavier Lorca},
  title         = {Choco Documentation},
  year          = {2017},
  organization  = {TASC - LS2N CNRS UMR 6241, COSLING S.A.S.},
  timestamp     = {Thu, 23 November 2017},
  url           = {http://www.choco-solver.org },
}
@inproceedings{DBLP:conf/ijcai/RaedtKT07,
  author    = {Luc De Raedt and
               Angelika Kimmig and
               Hannu Toivonen},
  title     = {{ProbLog}: {A} Probabilistic {Prolog} and Its Application in Link Discovery},
  booktitle = {{IJCAI} 2007, Proceedings of the 20th International Joint Conference
               on Artificial Intelligence, Hyderabad, India, January 6-12, 2007},
  pages     = {2462--2467},
  year      = {2007},
  crossref  = {DBLP:conf/ijcai/2007},
  timestamp = {Tue, 20 Aug 2019 16:18:51 +0200},
  biburl    = {https://dblp.org/rec/bib/conf/ijcai/RaedtKT07},
  bibsource = {dblp computer science bibliography, https://dblp.org}
}
@proceedings{DBLP:conf/ijcai/2007,
  editor    = {Manuela M. Veloso},
  title     = {{IJCAI} 2007, Proceedings of the 20th International Joint Conference
               on Artificial Intelligence, Hyderabad, India, January 6-12, 2007},
  year      = {2007},
  timestamp = {Tue, 20 Aug 2019 16:17:11 +0200},
  biburl    = {https://dblp.org/rec/bib/conf/ijcai/2007},
  bibsource = {dblp computer science bibliography, https://dblp.org}
}
@book{DBLP:books/daglib/0041598,
  author    = {Ivan Bratko},
  title     = {Prolog Programming for Artificial Intelligence, 4th Edition},
  publisher = {Addison-Wesley},
  year      = {2012},
  isbn      = {978-0-3214-1746-6},
  timestamp = {Tue, 26 Sep 2017 14:33:47 +0200},
  biburl    = {https://dblp.org/rec/bib/books/daglib/0041598},
  bibsource = {dblp computer science bibliography, https://dblp.org}
}
@article{DBLP:journals/tplp/WielemakerSTL12,
  author    = {Jan Wielemaker and
               Tom Schrijvers and
               Markus Triska and
               Torbj{\"{o}}rn Lager},
  title     = {{SWI-Prolog}},
  journal   = {{TPLP}},
  volume    = {12},
  number    = {1-2},
  pages     = {67--96},
  year      = {2012},
  doi       = {10.1017/S1471068411000494},
  timestamp = {Fri, 30 Nov 2018 13:20:03 +0100},
  biburl    = {https://dblp.org/rec/bib/journals/tplp/WielemakerSTL12},
  bibsource = {dblp computer science bibliography, https://dblp.org}
}
@inproceedings{DBLP:conf/cp/FagesL11,
  author    = {Jean{-}Guillaume Fages and
               Xavier Lorca},
  title     = {Revisiting the tree Constraint},
  booktitle = {Principles and Practice of Constraint Programming - {CP} 2011 - 17th
               International Conference, {CP} 2011, Perugia, Italy, September 12-16,
               2011. Proceedings},
  pages     = {271--285},
  year      = {2011},
  crossref  = {DBLP:conf/cp/2011},
  doi       = {10.1007/978-3-642-23786-7\_22},
  timestamp = {Sat, 19 Oct 2019 20:32:31 +0200},
  biburl    = {https://dblp.org/rec/bib/conf/cp/FagesL11},
  bibsource = {dblp computer science bibliography, https://dblp.org}
}
@proceedings{DBLP:conf/cp/2011,
  editor    = {Jimmy Ho{-}Man Lee},
  title     = {Principles and Practice of Constraint Programming - {CP} 2011 - 17th
               International Conference, {CP} 2011, Perugia, Italy, September 12-16,
               2011. Proceedings},
  series    = {Lecture Notes in Computer Science},
  volume    = {6876},
  publisher = {Springer},
  year      = {2011},
  doi       = {10.1007/978-3-642-23786-7},
  isbn      = {978-3-642-23785-0},
  timestamp = {Tue, 14 May 2019 10:00:45 +0200},
  biburl    = {https://dblp.org/rec/bib/conf/cp/2011},
  bibsource = {dblp computer science bibliography, https://dblp.org}
}
@inproceedings{kimmig2009trading,
  title={Trading memory for answers: Towards tabling {ProbLog}},
  author={Kimmig, Angelika and Gutmann, Bernd and Santos Costa, Vitor},
  booktitle={International Workshop on Statistical Relational Learning, Date: 2009/07/02-2009/07/04, Location: Leuven, Belgium},
  year={2009}
}
@article{DBLP:journals/ijar/BuchmanP17,
  author    = {David Buchman and
               David Poole},
  title     = {Negative probabilities in probabilistic logic programs},
  journal   = {Int. J. Approx. Reasoning},
  volume    = {83},
  pages     = {43--59},
  year      = {2017},
  doi       = {10.1016/j.ijar.2016.10.001},
  timestamp = {Thu, 28 Dec 2017 16:10:54 +0100},
  biburl    = {https://dblp.org/rec/bib/journals/ijar/BuchmanP17},
  bibsource = {dblp computer science bibliography, https://dblp.org}
}
@inproceedings{shimbel1954structure,
  title={Structure in communication nets},
  author={Shimbel, Alfonso},
  booktitle={Proceedings of the symposium on information networks},
  pages={119--203},
  year={1954},
  organization={Polytechnic Institute of Brooklyn}
}